<?xml version="1.0" encoding="UTF-8"?><collection xmlns="http://www.loc.gov/MARC21/slim"><record><leader>00430nam--2200133-i-4500</leader><controlfield tag="001">000008987</controlfield><controlfield tag="002">20161230</controlfield><controlfield tag="005">20161230201028</controlfield><controlfield tag="008">060222s1000------------r-----000-0-eng-d</controlfield><datafield ind1=" " ind2=" " tag="100"><subfield code="a">Dunn, Walter L</subfield></datafield><datafield ind1=" " ind2=" " tag="245"><subfield code="a">Introduction to digital computer problems using fortran iv. a self-instructional programmed text</subfield></datafield><datafield ind1=" " ind2=" " tag="260"><subfield code="a">New York, Mcgraw-hill Book Co., 1969</subfield></datafield><datafield ind1=" " ind2=" " tag="490"><subfield code="a">The Mcgraw-hill General Engineering Series</subfield></datafield><datafield ind1=" " ind2=" " tag="852"><subfield code="a">681.3.06</subfield></datafield></record></collection>